<?xml version="1.0" encoding="UTF-8"?><collection xmlns="http://www.loc.gov/MARC21/slim"><record><leader>00405nam--2200145-i-4500</leader><controlfield tag="001">000045532</controlfield><controlfield tag="002">20161230</controlfield><controlfield tag="005">20161230201045</controlfield><controlfield tag="008">060222s1000------------r-----000-0-eng-d</controlfield><datafield ind1=" " ind2=" " tag="080"><subfield code="a">577.33</subfield></datafield><datafield ind1=" " ind2=" " tag="245"><subfield code="a">Tunneling in biological systems</subfield></datafield><datafield ind1=" " ind2=" " tag="260"><subfield code="a">New York, Acad.Press, 1979, Xviii+758p</subfield></datafield><datafield ind1=" " ind2=" " tag="490"><subfield code="a">Johnson Research Foundation Colloquia</subfield></datafield><datafield ind1=" " ind2=" " tag="700"><subfield code="a">Chance,Britton.,Marcus,Rudolpha./S.A.</subfield></datafield><datafield ind1=" " ind2=" " tag="852"><subfield code="a">47970</subfield></datafield></record></collection>